<?xml version="1.0" encoding="UTF-8"?><collection xmlns="http://www.loc.gov/MARC21/slim"><record><leader>00383nam--2200121-i-4500</leader><controlfield tag="001">000031627</controlfield><controlfield tag="002">20161230</controlfield><controlfield tag="005">20161230201038</controlfield><controlfield tag="008">060222s1000------------r-----000-0-eng-d</controlfield><datafield ind1=" " ind2=" " tag="100"><subfield code="a">Lopes Nunes, J.E</subfield></datafield><datafield ind1=" " ind2=" " tag="245"><subfield code="a">Correia neves, j.m</subfield></datafield><datafield ind1=" " ind2=" " tag="260"><subfield code="a">Contribuicao Para O Conhecimento Dos Minerais Uraniferos Portugueses</subfield></datafield><datafield ind1=" " ind2=" " tag="490"><subfield code="a">Coimbra, Comicao De Estudos Da Energi Nuclear, 1959. 38p. + 4 Pl</subfield></datafield></record></collection>